@article{Yasui2011,
title = "Testing a rotation axis to drain a 3D workpiece",
journal = "Computer-Aided Design",
volume = "43",
number = "7",
pages = "795 - 808",
year = "2011",
note = "The 2009 SIAM/ACM Joint Conference on Geometric and Physical Modeling",
issn = "0010-4485",
doi = "10.1016/j.cad.2010.05.004",
url = "http://www.sciencedirect.com/science/article/pii/S0010448510000941",
author = "Yusuke Yasui and Sara McMains",
keywords = "Draining",
keywords = "Rotation axis",
keywords = "Directed graph",
keywords = "Water traps",
keywords = "Cleanability",
keywords = "Manufacturing"
}

@article{Hancock94,
	author={Jeff Hancock},
	year={1994},
	title={Ultrasonic Cleaning},
	journal={ASM Handbook Volume 5, Surface Engineering},
	volume={5},
	pages={44-47}
}

@book{fundamentals,
  author={Shirley, P. and Ashikhmin, M. and Marschner, S.},
  title={Fundamentals of Computer Graphics},
  publisher={A K Peters},
  year={2009},
  edition={3rd}
}

@inproceedings{Arbelaez,
  title={Cleanability of mechanical components},
  author={Arbelaez, D. and Avila, M. and Krishnamurthy, A. and Li, W. and Yasui, Y. and Dornfeld, D. and McMains, S.},
  booktitle={Proceedings of 2008 NSF engineering research and innovation conference},
  year={2008}
}


@book{heuristics,
  author={Pearl, J.},
  title={Heuristics: Intelligent Search Strategies for Computer Problem Solving},
  publisher={Addison-Wesley Pub},
  year={1984}
}

@inproceedings{Avila,
	author={M. Avila and C. Reich-Weiser and D. Dornfeld and S. McMains},
	year={2006},
	title={Design and manufacturing for cleanability in high performance cutting},
	booktitle={CIRP 2nd international high performance cutting conference}
}

@inproceedings{Aloupis_draininga,
  title={Draining a Polygon--or--Rolling a Ball out of a Polygon},
  author={Aloupis, G. and Cardinal, J. and Collette, S. and Hurtado, F. and Langerman, S. and Oâ€™Rourke, J.},
  booktitle={Proc. 20th Canad. Conf. Comput. Geom},
  pages={79--82},
  year={2008}
}

@book{AIBook,
  author={Russel, S. and Norvig, P.},
  title={Artificial Intelligence: A Modern Approach},
  publisher={Prentice Hall},
  year={2009}
}


@book{KinematicsBook,
  author={Reza, J.},
  title={Theory of Applied Robotics: Kinematics, Dynamics, and Control},
  publisher={Springer},
  year={2010}
}


@book{PlanningBook,
  author={LaValle, Steven.},
  title={Planning Algorithms},
  publisher={Cambridge University Press},
  year={2006}
}

@book{glassner1989introduction,
  title={An introduction to ray tracing},
  author={Glassner, A.S.},
  year={1989},
  publisher={Morgan Kaufmann}
}
